<record><leader>00000cas a2200000 a 4500</leader><controlfield tag="001">17811452</controlfield><controlfield tag="008">880419d196819uuvauex n       0   a0eng c</controlfield><datafield ind1=" " ind2=" " tag="010"><subfield code="a">sn 95067635 </subfield></datafield><datafield ind1=" " ind2=" " tag="040"><subfield code="a">KFS</subfield><subfield code="b">eng</subfield><subfield code="c">KFS</subfield><subfield code="d">NVK</subfield><subfield code="d">NYS</subfield><subfield code="d">OCLCQ</subfield><subfield code="d">OCLCO</subfield><subfield code="d">OCLCF</subfield></datafield><datafield ind1="1" ind2=" " tag="029"><subfield code="a">AU@</subfield><subfield code="b">000012176366</subfield></datafield><datafield ind1=" " ind2=" " tag="042"><subfield code="a">pcc</subfield></datafield><datafield ind1=" " ind2=" " tag="043"><subfield code="a">n-us-va</subfield></datafield><datafield ind1=" " ind2="4" tag="050"><subfield code="a">AP2</subfield><subfield code="b">.A3067</subfield></datafield><datafield ind1="0" ind2=" " tag="130"><subfield code="a">Alice (Blacksburg, Va.)</subfield></datafield><datafield ind1="1" ind2="0" tag="245"><subfield code="a">Alice :</subfield><subfield code="b">Blacksburg free press.</subfield></datafield><datafield ind1="1" ind2="3" tag="246"><subfield code="a">Alice's birthday one</subfield><subfield code="f">May 20, 1969</subfield></datafield><datafield ind1="1" ind2="3" tag="246"><subfield code="a">Alice is furious female</subfield><subfield code="f">v. 7, no. 3</subfield></datafield><datafield ind1="1" ind2="3" tag="246"><subfield code="a">Blacksburg free press</subfield></datafield><datafield ind1=" " ind2=" " tag="260"><subfield code="a">Blacksburg, Va. :</subfield><subfield code="b">Blacksburg Free Press,</subfield><subfield code="c">1968-</subfield></datafield><datafield ind1=" " ind2=" " tag="300"><subfield code="a">v. :</subfield><subfield code="b">ill. ;</subfield><subfield code="c">36-43 cm.</subfield></datafield><datafield ind1=" " ind2=" " tag="310"><subfield code="a">Biweekly,</subfield><subfield code="b">1968-</subfield></datafield><datafield ind1=" " ind2=" " tag="321"><subfield code="a">Weekly,</subfield><subfield code="b">May 1968-Nov. 1968</subfield></datafield><datafield ind1="0" ind2=" " tag="362"><subfield code="a">Vol. 1, no. 1 (May 18, 1968)-</subfield></datafield><datafield ind1=" " ind2=" " tag="500"><subfield code="a">Some issues lack title.</subfield></datafield><datafield ind1=" " ind2=" " tag="515"><subfield code="a">Some issues unnumbered and undated.</subfield></datafield><datafield ind1=" " ind2=" " tag="515"><subfield code="a">May 18, 1968 and June 24, 1968 both numbered Vol. 1, no. 1.</subfield></datafield><datafield ind1=" " ind2=" " tag="530"><subfield code="a">Available on microfilm from UMI (Underground newspaper collection).</subfield></datafield><datafield ind1=" " ind2=" " tag="588"><subfield code="a">Latest issue consulted: Vol. 6, no. 5 (1969?).</subfield></datafield><datafield ind1="2" ind2="0" tag="610"><subfield code="a">Virginia Polytechnic Institute</subfield><subfield code="x">Students</subfield><subfield code="v">Newspapers.</subfield></datafield><datafield ind1=" " ind2="0" tag="650"><subfield code="a">College students</subfield><subfield code="x">Political activity</subfield><subfield code="z">Virginia</subfield><subfield code="z">Blacksburg</subfield><subfield code="v">Newspapers.</subfield></datafield><datafield ind1=" " ind2="0" tag="650"><subfield code="a">Underground press publications</subfield><subfield code="z">Virginia</subfield><subfield code="z">Blacksburg.</subfield></datafield><datafield ind1=" " ind2="0" tag="651"><subfield code="a">Blacksburg (Va.)</subfield><subfield code="v">Newspapers.</subfield></datafield><datafield ind1=" " ind2="0" tag="651"><subfield code="a">Montgomery County (Va.)</subfield><subfield code="v">Newspapers.</subfield></datafield><datafield ind1=" " ind2="7" tag="655"><subfield code="a">Student protest literature</subfield><subfield code="v">Newspapers.</subfield><subfield code="2">rbgenr</subfield></datafield><datafield ind1=" " ind2="7" tag="655"><subfield code="a">Newspapers.</subfield><subfield code="2">fast</subfield><subfield code="0">(OCoLC)fst01423814</subfield></datafield><datafield ind1="2" ind2="7" tag="610"><subfield code="a">Virginia Polytechnic Institute.</subfield><subfield code="2">fast</subfield><subfield code="0">(OCoLC)fst00549618</subfield></datafield><datafield ind1=" " ind2="7" tag="650"><subfield code="a">College students</subfield><subfield code="x">Political activity.</subfield><subfield code="2">fast</subfield><subfield code="0">(OCoLC)fst00868026</subfield></datafield><datafield ind1=" " ind2="7" tag="650"><subfield code="a">Students.</subfield><subfield code="2">fast</subfield><subfield code="0">(OCoLC)fst01136041</subfield></datafield><datafield ind1=" " ind2="7" tag="650"><subfield code="a">Underground press publications.</subfield><subfield code="2">fast</subfield><subfield code="0">(OCoLC)fst01160984</subfield></datafield><datafield ind1=" " ind2="7" tag="651"><subfield code="a">Virginia</subfield><subfield code="z">Blacksburg.</subfield><subfield code="2">fast</subfield><subfield code="0">(OCoLC)fst01204779</subfield></datafield><datafield ind1=" " ind2="7" tag="651"><subfield code="a">Virginia</subfield><subfield code="z">Montgomery County.</subfield><subfield code="2">fast</subfield><subfield code="0">(OCoLC)fst01214907</subfield></datafield><datafield ind1=" " ind2=" " tag="752"><subfield code="a">United States</subfield><subfield code="b">Virginia</subfield><subfield code="c">Montgomery</subfield><subfield code="d">Blacksburg.</subfield></datafield><datafield ind1="0" ind2=" " tag="776"><subfield code="c">Microfilm</subfield><subfield code="d">UMI</subfield><subfield code="k">Underground newspaper collection.</subfield></datafield></record>